@inproceedings{bourguignon2000anisotropy,
  title     = {Controlling Anisotropy in Mass-Spring Systems},
  author    = {David Bourguignon and Marie-Paule Cani},
  booktitle = {Proceedings of the Eurographics Workshop on Computer Animation and Simulation (EGCAS)},
  year      = {2000},
  pages     = {113--123},
  address   = {Interlaken, Switzerland},
  publisher = {Springer-Verlag},
  url       = {https://inria.hal.science/inria-00537510v1},
  note      = {HAL ID: inria-00537510}
}
@article{lakhal2013modified,
  title     = {Modified Mass-Spring System for Physically Based Deformation},
  author    = {Oussama Lakhal and Abdelkrim Mhamdi and Mohamed-Slim Alouane},
  journal   = {International Journal of Computer Applications},
  volume    = {72},
  number    = {1},
  year      = {2013},
  pages     = {1--79},
  doi       = {10.5120/12337-8702},
  publisher = {Foundation of Computer Science (FCS), NY, USA},
  url       = {https://doi.org/10.5120/12337-8702}
}
